<record><leader>00000cas a2200000 a 4500</leader><controlfield tag="001">12428734</controlfield><controlfield tag="008">850827d18631868ksuwr ne      0    0eng d</controlfield><datafield ind1=" " ind2=" " tag="010"><subfield code="a">sn 85031875 </subfield></datafield><datafield ind1=" " ind2=" " tag="040"><subfield code="a">KSH</subfield><subfield code="b">eng</subfield><subfield code="c">KSH</subfield><subfield code="d">NPT</subfield><subfield code="d">NPX</subfield><subfield code="d">YOX</subfield><subfield code="d">OCL</subfield><subfield code="d">OCLCQ</subfield><subfield code="d">OCLCF</subfield><subfield code="d">OCLCO</subfield></datafield><datafield ind1="1" ind2=" " tag="029"><subfield code="a">AU@</subfield><subfield code="b">000020234174</subfield></datafield><datafield ind1=" " ind2=" " tag="042"><subfield code="a">msc</subfield></datafield><datafield ind1=" " ind2=" " tag="043"><subfield code="a">n-us-ks</subfield></datafield><datafield ind1="0" ind2="4" tag="245"><subfield code="a">The Manhattan independent.</subfield></datafield><datafield ind1=" " ind2=" " tag="260"><subfield code="a">Manhattan, Kan. :</subfield><subfield code="b">Josiah H. Pillsbury,</subfield><subfield code="c">-1868.</subfield></datafield><datafield ind1=" " ind2=" " tag="300"><subfield code="a">v. ;</subfield><subfield code="c">60 cm.</subfield></datafield><datafield ind1=" " ind2=" " tag="310"><subfield code="a">Weekly</subfield></datafield><datafield ind1="0" ind2=" " tag="362"><subfield code="a">-v. 6, no. 2 (Sept. 12, 1868) = -whole no. 252.</subfield></datafield><datafield ind1="1" ind2=" " tag="362"><subfield code="a">Began in 1863.</subfield></datafield><datafield ind1=" " ind2=" " tag="500"><subfield code="a">"Extra edition: President Lincoln and Secretary Seward murdered," Apr. 17, 1865.</subfield></datafield><datafield ind1=" " ind2=" " tag="500"><subfield code="a">Publishers: Josiah H. Pillsbury, &lt;1863&gt;; J.H. &amp; L.H. Pillsbury, Aug. 11, 1866-Sept. 12, 1868.</subfield></datafield><datafield ind1=" " ind2=" " tag="588"><subfield code="a">Description based on: Vol. 1, no. 2 (Aug. 10, 1863).</subfield></datafield><datafield ind1=" " ind2="0" tag="651"><subfield code="a">Manhattan (Kan.)</subfield><subfield code="v">Newspapers.</subfield></datafield><datafield ind1=" " ind2="7" tag="655"><subfield code="a">Newspapers.</subfield><subfield code="2">fast</subfield><subfield code="0">(OCoLC)fst01423814</subfield></datafield><datafield ind1=" " ind2="7" tag="651"><subfield code="a">Kansas</subfield><subfield code="z">Manhattan.</subfield><subfield code="2">fast</subfield><subfield code="0">(OCoLC)fst01205193</subfield></datafield><datafield ind1=" " ind2=" " tag="752"><subfield code="a">United States</subfield><subfield code="b">Kansas</subfield><subfield code="c">Riley</subfield><subfield code="d">Manhattan.</subfield></datafield><datafield ind1="0" ind2="0" tag="780"><subfield code="t">Manhattan express (Manhattan, Kan. : 1861)</subfield><subfield code="w">(DLC)sn 82015070</subfield></datafield><datafield ind1="0" ind2="7" tag="785"><subfield code="t">Kansas radical</subfield><subfield code="w">(DLC)sn 85031874</subfield></datafield><datafield ind1="0" ind2="7" tag="785"><subfield code="t">Manhattan standard</subfield><subfield code="w">(DLC)sn 82015079</subfield></datafield></record>